@inproceedings{van2012sensor,
  title={Sensor data storage performance: {SQL} or {N}o{SQL}, physical or virtual},
  author={van der Veen, Jan Sipke and van der Waaij, Bram and Meijer, Robert J},
  booktitle={Cloud Computing (CLOUD), 2012 IEEE 5th International Conference on},
  pages={431--438},
  year={2012},
  organization={IEEE}
}

@article{fallon2013stata,
  title={The {MIT} {S}tata {C}enter dataset},
  author={Fallon, Maurice and Johannsson, Hordur and Kaess, Michael and Leonard, John J},
  journal={The International Journal of Robotics Research},
  volume={32},
  number={14},
  pages={1695--1699},
  year={2013},
  publisher={SAGE Publications}
}

@article {postgres,
    title={Postgre{SQL} {JSON} Types},
    volume={\url{http://www.postgresql.org/docs/9.4/static/datatype-json.html}}
}

@inproceedings{niemueller2012generic,
  title={A generic robot database and its application in fault analysis and performance evaluation},
  author={Niemueller, Tim and Lakemeyer, Gerhard and Srinivasa, Siddhartha S},
  booktitle={Intelligent Robots and Systems (IROS), 2012 IEEE/RSJ International Conference on},
  pages={364--369},
  year={2012},
  organization={IEEE}
}

@inproceedings{dietrich2014ros,
  title={{ROS} Meets {C}assandra: Data Management in Smart Environments with {N}o{SQL}},
  author={Dietrich, Andr{\'e} and Mohammad, Siba and Zug, Sebastian and Kaiser, J{\"o}rg},
  booktitle={Proc. of the 11th Intl. Baltic Conference (Baltic DB\&IS)},
  year={2014}
}